<?xml version="1.0" encoding="UTF-8"?><collection xmlns="http://www.loc.gov/MARC21/slim"><record><leader>00374nam--2200133-i-4500</leader><controlfield tag="001">000024723</controlfield><controlfield tag="002">20161230</controlfield><controlfield tag="005">20161230201035</controlfield><controlfield tag="008">060222s1000------------r-----000-0-eng-d</controlfield><datafield ind1=" " ind2=" " tag="080"><subfield code="a">530.1:519.876.5</subfield></datafield><datafield ind1=" " ind2=" " tag="100"><subfield code="a">Hermann, Dieter, W</subfield></datafield><datafield ind1=" " ind2=" " tag="245"><subfield code="a">Computer simulation methods in theoretical physics. with 33 figures</subfield></datafield><datafield ind1=" " ind2=" " tag="260"><subfield code="a">Berlin, Springer-verlag, 1986, 148p</subfield></datafield><datafield ind1=" " ind2=" " tag="852"><subfield code="a">78666</subfield></datafield></record></collection>